@article{nowak2016,
    title={The title of the article},
    author={Jan Nowak and Piotr Kowalczyk},
    journal={Journal Name},
    year={(2016)},
    volume={12234}
}


@misc{w4n2017,
  author = {W4n},
  title = {Nazwa strony},
  year = {(2017)},
  note = {Last accessed 16 September 2017},
  url = {https://wit.pwr.edu.pl/studenci/dyplomanci/praca-dyplomowa}
}


@book{nowak2018,
  author = {Jan Nowak},
  year = {(2008)},
  title = {The title of the book},
  publisher = {Wydawca},
  address = {Wrocław},
  edition = {2}
}

@inbook{babington2008,
  title={The title of the book},
  edition={2},
  author={Penny Babington},
  year={(2008)},
  publisher={Wydawca},
  address={Wrocław},
  chapter={,,The title of the chapter''}
}